@article{2002,
  title={[IEEE 2002 IEEE International Performance, Computing, and Communications Conference - Phoenix, AZ, USA (3-5 April 2002)] Conference Proceedings of the IEEE International Performance, Computing, and Communications Conference (Cat. No.02CH37326) - File acces},
  author={ Amer, A.  and  Long, Dde  and  Paris, J. F.  and  Burns, R. C. },
  pages={131-140},
  year={2002},
}
@book{chollet2018deep,
  title={Deep learning with Python},
  author={Chollet, Francois and others},
  volume={361},
  year={2018},
  publisher={Manning New York}
}
@inproceedings{kim2013practical,
  title={Practical and effective sandboxing for non-root users},
  author={Kim, Taesoo and Zeldovich, Nickolai},
  booktitle={2013 $\{$USENIX$\}$ Annual Technical Conference ($\{$USENIX$\}$$\{$ATC$\}$ 13)},
  pages={139--144},
  year={2013}
}